<?xml version="1.0" encoding="UTF-8" ?>
<record Numero="14797096" format="InterXMarc_Complet" type="Authority">
<leader>00776c0 au22000272  45  <Pos Code="0004">00776</Pos>
<Pos Code="05" Sens="notice modifiée">c</Pos>
<Pos Code="06" Sens="notice validée par les services d&apos;autorité">0</Pos>
<Pos Code="08" Sens="notice d&apos;autorité">a</Pos>
<Pos Code="09" Sens="titre uniforme musical (TUM)">u</Pos>
<Pos Code="10">2</Pos>
<Pos Code="11">2</Pos>
<Pos Code="1216">00027</Pos>
<Pos Code="17" Sens="autres cas">2</Pos>
<Pos Code="20">4</Pos>
<Pos Code="21">5</Pos>
</leader>
<controlfield tag="001">FRBNF147970963<Pos Code="0001">FR</Pos>
<Pos Code="0204">BNF</Pos>
<Pos Code="0512">14797096</Pos>
<Pos Code="13">3</Pos>
</controlfield>
<controlfield tag="008">970407130312yy    df        1858                             1   <Pos Code="0001">97</Pos>
<Pos Code="0203">04</Pos>
<Pos Code="0405">07</Pos>
<Pos Code="0607">13</Pos>
<Pos Code="0809">03</Pos>
<Pos Code="1011">12</Pos>
<Pos Code="1213" Sens="ne s&apos;applique pas">yy</Pos>
<Pos Code="1820">df </Pos>
<Pos Code="2831">1858</Pos>
<Pos Code="61" Sens="La vedette peut être liée à une notice bibliographique sauf pour l&apos;accès matière RAMEAU">1</Pos>
</controlfield>
<datafield tag="048" ind1=" " ind2=" ">
	<subfield code="a">oa01<Pos Code="0001" Sens="orchestre - orchestre symphonique XIXe-XXe s.">oa</Pos>
<Pos Code="02">0</Pos>
<Pos Code="03">1</Pos>
</subfield>
</datafield>
<datafield tag="100" ind1=" " ind2=" ">
	<subfield code="3">13900121</subfield>
	<subfield code="w">.0..b.....</subfield>
	<subfield code="a">Strauss</subfield>
	<subfield code="m">Johann</subfield>
	<subfield code="d">1825-1899</subfield>
</datafield>
<datafield tag="144" ind1="1" ind2=" ">
	<subfield code="w">....b.ger.</subfield>
	<subfield code="a">Tritsch-Tratsch Polka</subfield>
	<subfield code="k">RV 214</subfield>
</datafield>
<datafield tag="444" ind1="1" ind2=" ">
	<subfield code="w">....b.ger.</subfield>
	<subfield code="a">Tritsch-Tratsch Polka</subfield>
	<subfield code="p">Op. 214</subfield>
</datafield>
<datafield tag="600" ind1=" " ind2=" ">
	<subfield code="a">Polka rapide</subfield>
	<subfield code="a">1re exécution : Vienne, Zum großen Zeisig, 24 novembre 1858</subfield>
	<subfield code="a">Éd. : Vienne : C. Haslinger, 1859</subfield>
</datafield>
<datafield tag="610" ind1=" " ind2=" ">
	<subfield code="a">Polkas. Band 2, RV 182 - RV 280 [Musique imprimée] / Johann Strauss ; kritische Gesamtausgabe herausgegeben von Michael Rot, cop. 2008</subfield>
</datafield>
<datafield tag="917" ind1=" " ind2=" ">
	<subfield code="o">OPD</subfield>
	<subfield code="a">100202730</subfield>
	<subfield code="b">ATUM</subfield>
</datafield>
<datafield tag="917" ind1=" " ind2=" ">
	<subfield code="o">OPC</subfield>
	<subfield code="a">100496250</subfield>
</datafield>
<datafield tag="996" ind1=" " ind2=" ">
	<subfield code="o">OPP</subfield>
	<subfield code="a">13871189</subfield>
	<subfield code="d">20081210</subfield>
</datafield>
<datafield tag="996" ind1=" " ind2=" ">
	<subfield code="o">OPP</subfield>
	<subfield code="a">13871191</subfield>
	<subfield code="d">20081210</subfield>
</datafield>
<datafield tag="996" ind1=" " ind2=" ">
	<subfield code="o">OPP</subfield>
	<subfield code="a">13919668</subfield>
	<subfield code="d">20081210</subfield>
</datafield>
<datafield tag="996" ind1=" " ind2=" ">
	<subfield code="o">OPP</subfield>
	<subfield code="a">16305984</subfield>
	<subfield code="d">20130311</subfield>
</datafield>
<datafield tag="996" ind1=" " ind2=" ">
	<subfield code="o">OPP</subfield>
	<subfield code="a">16305983</subfield>
	<subfield code="d">20130312</subfield>
</datafield>
<datafield tag="996" ind1=" " ind2=" ">
	<subfield code="o">OPP</subfield>
	<subfield code="a">16305982</subfield>
	<subfield code="d">20130312</subfield>
</datafield>
<Alter Ori="13900121">
<datafield tag="400" ind1=" " ind2=" ">
	<subfield code="w">....b.....</subfield>
	<subfield code="a">Strauss fils</subfield>
	<subfield code="m">Johann</subfield>
	<subfield code="d">1825-1899</subfield>
</datafield>
<datafield tag="400" ind1=" " ind2=" ">
	<subfield code="w">....b.... </subfield>
	<subfield code="a">Strauss</subfield>
	<subfield code="m">Johann</subfield>
	<subfield code="u">2</subfield>
	<subfield code="h">II</subfield>
	<subfield code="d">1825-1899</subfield>
</datafield>
</Alter>
<Attr Nom="IDPerenne">ark:/12148/cb14797096b</Attr>
<Attr Nom="NumSource">OPD 100202730</Attr>
<Attr Nom="Source" Sens="BnF catalogue général (depuis 1999)">A</Attr>
<Attr Nom="NumAutoriteLiee">13900121</Attr>
<Attr Nom="DateCreation">07/04/ 1997</Attr>
<Attr Nom="ResponsableCreation">MIGV3_CC</Attr>
<Attr Nom="StructCreation">1</Attr>
<Attr Nom="DateDerniereValidation">12/03/ 2013</Attr>
<Attr Nom="ResponsableDerniereValidation">SERRES CATHERINE</Attr>
<Attr Nom="StructPremiereValidation">1</Attr>
<Attr Nom="DatePremiereValidation">07/04/ 1997</Attr>
<Attr Nom="ResponsablePremiereValidation">MIGV3_CC</Attr>
<Attr Nom="StructDerniereValidation">82</Attr>
<Attr Nom="NumSource" Rep="1">OPC 100496250</Attr>
<Attr Nom="NumSource" Rep="2">OPP 13871189</Attr>
<Attr Nom="NumSource" Rep="3">OPP 13871191</Attr>
<Attr Nom="NumSource" Rep="4">OPP 13919668</Attr>
<Attr Nom="NumSource" Rep="5">OPP 16305984</Attr>
<Attr Nom="NumSource" Rep="6">OPP 16305983</Attr>
<Attr Nom="NumSource" Rep="7">OPP 16305982</Attr>
</record>
